@phdthesis{e9d4e12c65f043f386b1ed91df2e5b7e,
title = "Empirical Evaluation Methodology for Target Dependent Sentiment Analysis",
author = "Andrew Moore",
year = "2021",
month = aug,
day = "27",
doi = "10.17635/lancaster/thesis/1408",
language = "English",
publisher = "Lancaster University",
school = "Lancaster University",
}