% BERT
@inproceedings{aug_devlin-etal-2019-bert,
    title = "{BERT}: Pre-training of Deep Bidirectional Transformers for Language Understanding",
    author = "Devlin, Jacob  and
      Chang, Ming-Wei  and
      Lee, Kenton  and
      Toutanova, Kristina",
    booktitle = "Proceedings of the 2019 Conference of the North {A}merican Chapter of the Association for Computational Linguistics: Human Language Technologies, Volume 1 (Long and Short Papers)",
    month = jun,
    year = "2019",
    address = "Minneapolis, Minnesota",
    publisher = "Association for Computational Linguistics",
    url = "https://www.aclweb.org/anthology/N19-1423",
    doi = "10.18653/v1/N19-1423",
    pages = "4171--4186",
}
% Lexical substitution
@inproceedings{aug_mccarthy-navigli-2007-semeval,
    title = "{S}em{E}val-2007 Task 10: {E}nglish Lexical Substitution Task",
    author = "McCarthy, Diana  and
      Navigli, Roberto",
    booktitle = "Proceedings of the Fourth International Workshop on Semantic Evaluations ({S}em{E}val-2007)",
    month = jun,
    year = "2007",
    address = "Prague, Czech Republic",
    publisher = "Association for Computational Linguistics",
    url = "https://www.aclweb.org/anthology/S07-1009",
    pages = "48--53",
}
@inproceedings{aug_zhou-etal-2019-bert,
    title = "{BERT}-based Lexical Substitution",
    author = "Zhou, Wangchunshu  and
      Ge, Tao  and
      Xu, Ke  and
      Wei, Furu  and
      Zhou, Ming",
    booktitle = "Proceedings of the 57th Annual Meeting of the Association for Computational Linguistics",
    month = jul,
    year = "2019",
    address = "Florence, Italy",
    publisher = "Association for Computational Linguistics",
    url = "https://www.aclweb.org/anthology/P19-1328",
    pages = "3368--3373",
}
% Text classification augmentation
@inproceedings{aug_zhang_2015,
  title={Character-level convolutional networks for text classification},
  author={Zhang, Xiang and Zhao, Junbo and LeCun, Yann},
  booktitle={Advances in neural information processing systems},
  pages={649--657},
  year={2015}
}
@InProceedings{aug_wang_2015,
  author = 	"Wang, William Yang
		and Yang, Diyi",
  title = 	"That's So Annoying!!!: A Lexical and Frame-Semantic Embedding Based Data      Augmentation Approach to Automatic Categorization of Annoying Behaviors      using {\#}petpeeve Tweets    ",
  booktitle = 	"Proceedings of the 2015 Conference on Empirical Methods in Natural      Language Processing    ",
  year = 	"2015",
  publisher = 	"Association for Computational Linguistics",
  pages = 	"2557--2563",
  location = 	"Lisbon, Portugal",
  doi = 	"10.18653/v1/D15-1306",
  url = 	"http://aclweb.org/anthology/D15-1306"
}
@InProceedings{aug_kobayashi_2018,
  author = 	"Kobayashi, Sosuke",
  title = 	"Contextual Augmentation: Data Augmentation by Words with Paradigmatic Relations",
  booktitle = 	"Proceedings of the 2018 Conference of the North American Chapter of the      Association for Computational Linguistics: Human Language Technologies,      Volume 2 (Short Papers)    ",
  year = 	"2018",
  publisher = 	"Association for Computational Linguistics",
  pages = 	"452--457",
  location = 	"New Orleans, Louisiana",
  doi = 	"10.18653/v1/N18-2072",
  url = 	"http://aclweb.org/anthology/N18-2072"
}
@article{aug_wu_2018,
  title={Conditional BERT Contextual Augmentation},
  author={Wu, Xing and Lv, Shangwen and Zang, Liangjun and Han, Jizhong and Hu, Songlin},
  journal={arXiv preprint arXiv:1812.06705},
  year={2018}
}
% MT Augmentation
@InProceedings{aug_fadaee_2017,
  author = 	"Fadaee, Marzieh
		and Bisazza, Arianna
		and Monz, Christof",
  title = 	"Data Augmentation for Low-Resource Neural Machine Translation",
  booktitle = 	"Proceedings of the 55th Annual Meeting of the Association for      Computational Linguistics (Volume 2: Short Papers)    ",
  year = 	"2017",
  publisher = 	"Association for Computational Linguistics",
  pages = 	"567--573",
  location = 	"Vancouver, Canada",
  doi = 	"10.18653/v1/P17-2090",
  url = 	"http://aclweb.org/anthology/P17-2090"
}

% TDSA Error analysis
@inproceedings{aug_nguyen-shirai-2015-phrasernn,
    title = "{P}hrase{RNN}: Phrase Recursive Neural Network for Aspect-based Sentiment Analysis",
    author = "Nguyen, Thien Hai  and
      Shirai, Kiyoaki",
    booktitle = "Proceedings of the 2015 Conference on Empirical Methods in Natural Language Processing",
    month = sep,
    year = "2015",
    address = "Lisbon, Portugal",
    publisher = "Association for Computational Linguistics",
    url = "https://www.aclweb.org/anthology/D15-1298",
    doi = "10.18653/v1/D15-1298",
    pages = "2509--2514",
}
@inproceedings{aug_wang-etal-2017-tdparse,
    title = "{TDP}arse: Multi-target-specific sentiment recognition on Twitter",
    author = "Wang, Bo  and
      Liakata, Maria  and
      Zubiaga, Arkaitz  and
      Procter, Rob",
    booktitle = "Proceedings of the 15th Conference of the {E}uropean Chapter of the Association for Computational Linguistics: Volume 1, Long Papers",
    month = apr,
    year = "2017",
    address = "Valencia, Spain",
    publisher = "Association for Computational Linguistics",
    url = "https://www.aclweb.org/anthology/E17-1046",
    pages = "483--493",
}
@inproceedings{aug_xue-li-2018-aspect,
    title = "Aspect Based Sentiment Analysis with Gated Convolutional Networks",
    author = "Xue, Wei  and
      Li, Tao",
    booktitle = "Proceedings of the 56th Annual Meeting of the Association for Computational Linguistics (Volume 1: Long Papers)",
    month = jul,
    year = "2018",
    address = "Melbourne, Australia",
    publisher = "Association for Computational Linguistics",
    url = "https://www.aclweb.org/anthology/P18-1234",
    doi = "10.18653/v1/P18-1234",
    pages = "2514--2523",
}
@inproceedings{aug_yang2018multi,
  title={Multi-entity aspect-based sentiment analysis with context, entity and aspect memory},
  author={Yang, Jun and Yang, Runqi and Wang, Chongjun and Xie, Junyuan},
  booktitle={Thirty-Second AAAI Conference on Artificial Intelligence},
  year={2018},
  url={https://www.aaai.org/ocs/index.php/AAAI/AAAI18/paper/view/17036/16171}
}
@misc{aug_zhang2019aspectbased,
    title={Aspect-based Sentiment Classification with Aspect-specific Graph Convolutional Networks},
    author={Chen Zhang and Qiuchi Li and Dawei Song},
    year={2019},
    eprint={1909.03477},
    archivePrefix={arXiv},
    primaryClass={cs.CL},
    url={https://arxiv.org/abs/1909.03477}
}

% N shot references papers
@inproceedings{aug_yu-etal-2018-diverse,
    title = "Diverse Few-Shot Text Classification with Multiple Metrics",
    author = "Yu, Mo  and
      Guo, Xiaoxiao  and
      Yi, Jinfeng  and
      Chang, Shiyu  and
      Potdar, Saloni  and
      Cheng, Yu  and
      Tesauro, Gerald  and
      Wang, Haoyu  and
      Zhou, Bowen",
    booktitle = "Proceedings of the 2018 Conference of the North {A}merican Chapter of the Association for Computational Linguistics: Human Language Technologies, Volume 1 (Long Papers)",
    month = jun,
    year = "2018",
    address = "New Orleans, Louisiana",
    publisher = "Association for Computational Linguistics",
    url = "https://www.aclweb.org/anthology/N18-1109",
    doi = "10.18653/v1/N18-1109",
    pages = "1206--1215",
}
@article{aug_radford2019language,
  title={Language models are unsupervised multitask learners},
  author={Radford, Alec and Wu, Jeffrey and Child, Rewon and Luan, David and Amodei, Dario and Sutskever, Ilya},
  journal={OpenAI Blog},
  volume={1},
  number={8},
  year={2019},
  url={https://d4mucfpksywv.cloudfront.net/better-language-models/language_models_are_unsupervised_multitask_learners.pdf}
}
@inproceedings{aug_jebbara-cimiano-2019-zero,
    title = "{Z}ero-Shot Cross-Lingual Opinion Target Extraction",
    author = "Jebbara, Soufian  and
      Cimiano, Philipp",
    booktitle = "Proceedings of the 2019 Conference of the North {A}merican Chapter of the Association for Computational Linguistics: Human Language Technologies, Volume 1 (Long and Short Papers)",
    month = jun,
    year = "2019",
    address = "Minneapolis, Minnesota",
    publisher = "Association for Computational Linguistics",
    url = "https://www.aclweb.org/anthology/N19-1257",
    doi = "10.18653/v1/N19-1257",
    pages = "2486--2495",
}
% Relation Extraction
@inproceedings{aug_levy-etal-2017-zero,
    title = "Zero-Shot Relation Extraction via Reading Comprehension",
    author = "Levy, Omer  and
      Seo, Minjoon  and
      Choi, Eunsol  and
      Zettlemoyer, Luke",
    booktitle = "Proceedings of the 21st Conference on Computational Natural Language Learning ({C}o{NLL} 2017)",
    month = aug,
    year = "2017",
    address = "Vancouver, Canada",
    publisher = "Association for Computational Linguistics",
    url = "https://www.aclweb.org/anthology/K17-1034",
    doi = "10.18653/v1/K17-1034",
    pages = "333--342",
}
@article{aug_abdou2019x,
  title={X-WikiRE: A Large, Multilingual Resource for Relation Extraction as Machine Comprehension},
  author={Abdou, Mostafa and Sas, Cezar and Aralikatte, Rahul and Augenstein, Isabelle and S{\o}gaard, Anders},
  journal={arXiv preprint arXiv:1908.05111},
  year={2019},
  url={https://arxiv.org/pdf/1908.05111.pdf}
}

% datasets
@InProceedings{aug_wang_2017,
  author = 	"Wang, Bo
		and Liakata, Maria
		and Zubiaga, Arkaitz
		and Procter, Rob",
  title = 	"TDParse: Multi-target-specific sentiment recognition on Twitter",
  booktitle = 	"Proceedings of the 15th Conference of the European Chapter of the Association for Computational Linguistics: Volume 1, Long Papers",
  year = 	"2017",
  publisher = 	"Association for Computational Linguistics",
  pages = 	"483--493",
  location = 	"Valencia, Spain",
  url = 	"http://aclweb.org/anthology/E17-1046"
}
@inproceedings{aug_pontiki-etal-2014-semeval,
    title = "{S}em{E}val-2014 Task 4: Aspect Based Sentiment Analysis",
    author = "Pontiki, Maria  and
      Galanis, Dimitris  and
      Pavlopoulos, John  and
      Papageorgiou, Harris  and
      Androutsopoulos, Ion  and
      Manandhar, Suresh",
    booktitle = "Proceedings of the 8th International Workshop on Semantic Evaluation ({S}em{E}val 2014)",
    month = aug,
    year = "2014",
    address = "Dublin, Ireland",
    publisher = "Association for Computational Linguistics",
    url = "https://www.aclweb.org/anthology/S14-2004",
    doi = "10.3115/v1/S14-2004",
    pages = "27--35",
}





