@inproceedings{cwr_tdsa_models_xu-etal-2019-bert,
    title = "{BERT} Post-Training for Review Reading Comprehension and Aspect-based Sentiment Analysis",
    author = "Xu, Hu  and
      Liu, Bing  and
      Shu, Lei  and
      Yu, Philip",
    booktitle = "Proceedings of the 2019 Conference of the North {A}merican Chapter of the Association for Computational Linguistics: Human Language Technologies, Volume 1 (Long and Short Papers)",
    month = jun,
    year = "2019",
    address = "Minneapolis, Minnesota",
    publisher = "Association for Computational Linguistics",
    url = "https://www.aclweb.org/anthology/N19-1242",
    doi = "10.18653/v1/N19-1242",
    pages = "2324--2335",
}
@article{cwr_tdsa_models_zeng2019lcf,
  title={LCF: A Local Context Focus Mechanism for Aspect-Based Sentiment Classification},
  author={Zeng, Biqing and Yang, Heng and Xu, Ruyang and Zhou, Wu and Han, Xuli},
  journal={Applied Sciences},
  volume={9},
  number={16},
  pages={3389},
  year={2019},
  url={https://www.mdpi.com/2076-3417/9/16/3389/htm},
  publisher={Multidisciplinary Digital Publishing Institute}
}
@article{cwr_tdsa_models_huang2019syntax,
  title={Syntax-Aware Aspect Level Sentiment Classification with Graph Attention Networks},
  author={Huang, Binxuan and Carley, Kathleen M},
  journal={arXiv preprint arXiv:1909.02606},
  year={2019},
  url={https://arxiv.org/pdf/1909.02606.pdf}
}
@article{cwr_tdsa_models_rietzler2019adapt,
  title={Adapt or Get Left Behind: Domain Adaptation through BERT Language Model Finetuning for Aspect-Target Sentiment Classification},
  author={Rietzler, Alexander and Stabinger, Sebastian and Opitz, Paul and Engl, Stefan},
  journal={arXiv preprint arXiv:1908.11860},
  year={2019},
  url={https://arxiv.org/pdf/1908.11860.pdf}
}
@article{cwr_tdsa_models_zhaoa2019modeling,
  title={Modeling Sentiment Dependencies with Graph Convolutional Networks for Aspect-level Sentiment Classification},
  author={Zhaoa, Pinlong and Houb, Linlin and Wua, Ou},
  journal={arXiv preprint arXiv:1906.04501},
  year={2019},
  url={https://arxiv.org/pdf/1906.04501.pdf}
}
@article{cwr_tdsa_models_song2019attentional,
  title={Attentional encoder network for targeted sentiment classification},
  author={Song, Youwei and Wang, Jiahai and Jiang, Tao and Liu, Zhiyue and Rao, Yanghui},
  journal={arXiv preprint arXiv:1902.09314},
  year={2019},
  url={https://arxiv.org/pdf/1902.09314.pdf}
}
