@inproceedings{methods_tang-etal-2016-aspect,
    title = "Aspect Level Sentiment Classification with Deep Memory Network",
    author = "Tang, Duyu  and
      Qin, Bing  and
      Liu, Ting",
    booktitle = "Proceedings of the 2016 Conference on Empirical Methods in Natural Language Processing",
    month = nov,
    year = "2016",
    address = "Austin, Texas",
    publisher = "Association for Computational Linguistics",
    doi = "10.18653/v1/D16-1021",
    pages = "214--224",
}
@inproceedings{methods_tang-etal-2019-progressive,
    title = "Progressive Self-Supervised Attention Learning for Aspect-Level Sentiment Analysis",
    author = "Tang, Jialong  and
      Lu, Ziyao  and
      Su, Jinsong  and
      Ge, Yubin  and
      Song, Linfeng  and
      Sun, Le  and
      Luo, Jiebo",
    booktitle = "Proceedings of the 57th Annual Meeting of the Association for Computational Linguistics",
    month = jul,
    year = "2019",
    address = "Florence, Italy",
    publisher = "Association for Computational Linguistics",
    doi = "10.18653/v1/P19-1053",
    pages = "557--566",
}
% LM Methods
@inproceedings{methods_xu-etal-2019-bert,
    title = "{BERT} Post-Training for Review Reading Comprehension and Aspect-based Sentiment Analysis",
    author = "Xu, Hu  and
      Liu, Bing  and
      Shu, Lei  and
      Yu, Philip",
    booktitle = "Proceedings of the 2019 Conference of the North {A}merican Chapter of the Association for Computational Linguistics: Human Language Technologies, Volume 1 (Long and Short Papers)",
    month = jun,
    year = "2019",
    address = "Minneapolis, Minnesota",
    publisher = "Association for Computational Linguistics",
    doi = "10.18653/v1/N19-1242",
    pages = "2324--2335",
}
@inproceedings{methods_sun-etal-2019-utilizing,
    title = "Utilizing {BERT} for Aspect-Based Sentiment Analysis via Constructing Auxiliary Sentence",
    author = "Sun, Chi  and
      Huang, Luyao  and
      Qiu, Xipeng",
    booktitle = "Proceedings of the 2019 Conference of the North {A}merican Chapter of the Association for Computational Linguistics: Human Language Technologies, Volume 1 (Long and Short Papers)",
    month = jun,
    year = "2019",
    address = "Minneapolis, Minnesota",
    publisher = "Association for Computational Linguistics",
    doi = "10.18653/v1/N19-1035",
    pages = "380--385",
}
@inproceedings{methods_jiang-etal-2019-challenge,
    title = "A Challenge Dataset and Effective Models for Aspect-Based Sentiment Analysis",
    author = "Jiang, Qingnan  and
      Chen, Lei  and
      Xu, Ruifeng  and
      Ao, Xiang  and
      Yang, Min",
    booktitle = "Proceedings of the 2019 Conference on Empirical Methods in Natural Language Processing and the 9th International Joint Conference on Natural Language Processing (EMNLP-IJCNLP)",
    month = nov,
    year = "2019",
    address = "Hong Kong, China",
    publisher = "Association for Computational Linguistics",
    url = "https://www.aclweb.org/anthology/D19-1654",
    pages = "6281--6286",
}
@inproceedings{kim-2014-convolutional,
    title = "Convolutional Neural Networks for Sentence Classification",
    author = "Kim, Yoon",
    booktitle = "Proceedings of the 2014 Conference on Empirical Methods in Natural Language Processing ({EMNLP})",
    month = oct,
    year = "2014",
    address = "Doha, Qatar",
    publisher = "Association for Computational Linguistics",
    url = "https://www.aclweb.org/anthology/D14-1181",
    doi = "10.3115/v1/D14-1181",
    pages = "1746--1751",
}
@inproceedings{tang-etal-2016-effective,
    title = "Effective {LSTM}s for Target-Dependent Sentiment Classification",
    author = "Tang, Duyu  and
      Qin, Bing  and
      Feng, Xiaocheng  and
      Liu, Ting",
    booktitle = "Proceedings of {COLING} 2016, the 26th International Conference on Computational Linguistics: Technical Papers",
    month = dec,
    year = "2016",
    address = "Osaka, Japan",
    publisher = "The COLING 2016 Organizing Committee",
    url = "https://www.aclweb.org/anthology/C16-1311",
    pages = "3298--3307",
}
@inproceedings{ma2017interactive,
  title={Interactive attention networks for aspect-level sentiment classification},
  author={Ma, Dehong and Li, Sujian and Zhang, Xiaodong and Wang, Houfeng},
  booktitle={Proceedings of the 26th International Joint Conference on Artificial Intelligence},
  pages={4068--4074},
  year={2017},
  organization={AAAI Press},
  url={https://www.ijcai.org/proceedings/2017/0568.pdf}
}
@inproceedings{wang-etal-2016-attention,
    title = "Attention-based {LSTM} for Aspect-level Sentiment Classification",
    author = "Wang, Yequan  and
      Huang, Minlie  and
      Zhu, Xiaoyan  and
      Zhao, Li",
    booktitle = "Proceedings of the 2016 Conference on Empirical Methods in Natural Language Processing",
    month = nov,
    year = "2016",
    address = "Austin, Texas",
    publisher = "Association for Computational Linguistics",
    url = "https://www.aclweb.org/anthology/D16-1058",
    doi = "10.18653/v1/D16-1058",
    pages = "606--615",
}
@inproceedings{hazarika-etal-2018-modeling,
    title = "Modeling Inter-Aspect Dependencies for Aspect-Based Sentiment Analysis",
    author = "Hazarika, Devamanyu  and
      Poria, Soujanya  and
      Vij, Prateek  and
      Krishnamurthy, Gangeshwar  and
      Cambria, Erik  and
      Zimmermann, Roger",
    booktitle = "Proceedings of the 2018 Conference of the North {A}merican Chapter of the Association for Computational Linguistics: Human Language Technologies, Volume 2 (Short Papers)",
    month = jun,
    year = "2018",
    address = "New Orleans, Louisiana",
    publisher = "Association for Computational Linguistics",
    url = "https://www.aclweb.org/anthology/N18-2043",
    doi = "10.18653/v1/N18-2043",
    pages = "266--270",
}
@inproceedings{gu-etal-2018-position,
    title = "A Position-aware Bidirectional Attention Network for Aspect-level Sentiment Analysis",
    author = "Gu, Shuqin  and
      Zhang, Lipeng  and
      Hou, Yuexian  and
      Song, Yin",
    booktitle = "Proceedings of the 27th International Conference on Computational Linguistics",
    month = aug,
    year = "2018",
    address = "Santa Fe, New Mexico, USA",
    publisher = "Association for Computational Linguistics",
    url = "https://www.aclweb.org/anthology/C18-1066",
    pages = "774--784",
}
@inproceedings{luong-etal-2015-effective,
    title = "Effective Approaches to Attention-based Neural Machine Translation",
    author = "Luong, Thang  and
      Pham, Hieu  and
      Manning, Christopher D.",
    booktitle = "Proceedings of the 2015 Conference on Empirical Methods in Natural Language Processing",
    month = sep,
    year = "2015",
    address = "Lisbon, Portugal",
    publisher = "Association for Computational Linguistics",
    url = "https://www.aclweb.org/anthology/D15-1166",
    doi = "10.18653/v1/D15-1166",
    pages = "1412--1421",
}
@techreport{go2009twitter,
title={Twitter sentiment classification using distant supervision},
  author={Go, Alec and Bhayani, Richa and Huang, Lei},
  year={2009},
  institution={Stanford},
  type={CS224N Project Report},
  url={https://www-cs.stanford.edu/people/alecmgo/papers/TwitterDistantSupervision09.pdf}
}
@inproceedings{he-etal-2018-exploiting,
    title = "Exploiting Document Knowledge for Aspect-level Sentiment Classification",
    author = "He, Ruidan  and
      Lee, Wee Sun  and
      Ng, Hwee Tou  and
      Dahlmeier, Daniel",
    booktitle = "Proceedings of the 56th Annual Meeting of the Association for Computational Linguistics (Volume 2: Short Papers)",
    month = jul,
    year = "2018",
    address = "Melbourne, Australia",
    publisher = "Association for Computational Linguistics",
    url = "https://www.aclweb.org/anthology/P18-2092",
    doi = "10.18653/v1/P18-2092",
    pages = "579--585",
}
@inproceedings{tang-etal-2015-learning,
    title = "Learning Semantic Representations of Users and Products for Document Level Sentiment Classification",
    author = "Tang, Duyu  and
      Qin, Bing  and
      Liu, Ting",
    booktitle = "Proceedings of the 53rd Annual Meeting of the Association for Computational Linguistics and the 7th International Joint Conference on Natural Language Processing (Volume 1: Long Papers)",
    month = jul,
    year = "2015",
    address = "Beijing, China",
    publisher = "Association for Computational Linguistics",
    url = "https://www.aclweb.org/anthology/P15-1098",
    doi = "10.3115/v1/P15-1098",
    pages = "1014--1023",
}
@inproceedings{mcauley2015image,
  title={Image-based recommendations on styles and substitutes},
  author={McAuley, Julian and Targett, Christopher and Shi, Qinfeng and Van Den Hengel, Anton},
  booktitle={Proceedings of the 38th International ACM SIGIR Conference on Research and Development in Information Retrieval},
  pages={43--52},
  year={2015},
  organization={ACM},
  url={https://arxiv.org/abs/1506.04757}
}
@inproceedings{he2016ups,
  title={Ups and downs: Modeling the visual evolution of fashion trends with one-class collaborative filtering},
  author={He, Ruining and McAuley, Julian},
  booktitle={proceedings of the 25th international conference on world wide web},
  pages={507--517},
  year={2016},
  organization={International World Wide Web Conferences Steering Committee},
  url={https://arxiv.org/abs/1602.01585}
}
@inproceedings{tang-etal-2016-effective,
    title = "Effective {LSTM}s for Target-Dependent Sentiment Classification",
    author = "Tang, Duyu  and
      Qin, Bing  and
      Feng, Xiaocheng  and
      Liu, Ting",
    booktitle = "Proceedings of {COLING} 2016, the 26th International Conference on Computational Linguistics: Technical Papers",
    month = dec,
    year = "2016",
    address = "Osaka, Japan",
    publisher = "The COLING 2016 Organizing Committee",
    url = "https://www.aclweb.org/anthology/C16-1311",
    pages = "3298--3307",
}
@inproceedings{jiang-etal-2019-challenge,
    title = "A Challenge Dataset and Effective Models for Aspect-Based Sentiment Analysis",
    author = "Jiang, Qingnan  and
      Chen, Lei  and
      Xu, Ruifeng  and
      Ao, Xiang  and
      Yang, Min",
    booktitle = "Proceedings of the 2019 Conference on Empirical Methods in Natural Language Processing and the 9th International Joint Conference on Natural Language Processing (EMNLP-IJCNLP)",
    month = nov,
    year = "2019",
    address = "Hong Kong, China",
    publisher = "Association for Computational Linguistics",
    url = "https://www.aclweb.org/anthology/D19-1654",
    doi = "10.18653/v1/D19-1654",
    pages = "6279--6284",
}