#
# Methods
#
@inproceedings{repro_vo_2015,
  title={Target-Dependent Twitter Sentiment Classification with Rich Automatic Features.},
  author={Vo, Duy-Tin and Zhang, Yue},
  booktitle={IJCAI},
  pages={1347--1353},
  year={2015}
}
@InProceedings{repro_tang_2016,
  author = 	"Tang, Duyu
		and Qin, Bing
		and Feng, Xiaocheng
		and Liu, Ting",
  title = 	"Effective LSTMs for Target-Dependent Sentiment Classification",
  booktitle = 	"Proceedings of COLING 2016, the 26th International Conference on Computational Linguistics: Technical Papers",
  year = 	"2016",
  publisher = 	"The COLING 2016 Organizing Committee",
  pages = 	"3298--3307",
  location = 	"Osaka, Japan",
  url = 	"http://www.aclweb.org/anthology/C16-1311"
}

#
# Method and Dataset
#
@inproceedings{repro_dong_2014,
  title={Adaptive recursive neural network for target-dependent twitter sentiment classification},
  author={Dong, Li and Wei, Furu and Tan, Chuanqi and Tang, Duyu and Zhou, Ming and Xu, Ke},
  booktitle={Proceedings of the 52nd Annual Meeting of the Association for Computational Linguistics (Volume 2: Short Papers)},
  volume={2},
  pages={49--54},
  year={2014}
}
@InProceedings{repro_margaret_2013,
  author = 	"Mitchell, Margaret
		and Aguilar, Jacqui
		and Wilson, Theresa
		and Van Durme, Benjamin",
  title = 	"Open Domain Targeted Sentiment",
  booktitle = 	"Proceedings of the 2013 Conference on Empirical Methods in Natural Language Processing",
  year = 	"2013",
  publisher = 	"Association for Computational Linguistics",
  pages = 	"1643--1654",
  location = 	"Seattle, Washington, USA",
  url = 	"http://aclweb.org/anthology/D13-1171"
}

#
# Word Embeddings
#
@InProceedings{repro_levy_2014,
  author = 	"Levy, Omer
		and Goldberg, Yoav",
  title = 	"Dependency-Based Word Embeddings",
  booktitle = 	"Proceedings of the 52nd Annual Meeting of the Association for      Computational Linguistics (Volume 2: Short Papers)    ",
  year = 	"2014",
  publisher = 	"Association for Computational Linguistics",
  pages = 	"302--308",
  location = 	"Baltimore, Maryland",
  doi = 	"10.3115/v1/P14-2050",
  url = 	"http://aclweb.org/anthology/P14-2050"
}
@inproceedings{repro_tang_2014,
  title={Learning sentiment-specific word embedding for twitter sentiment classification},
  author={Tang, Duyu and Wei, Furu and Yang, Nan and Zhou, Ming and Liu, Ting and Qin, Bing},
  booktitle={Proceedings of the 52nd Annual Meeting of the Association for Computational Linguistics (Volume 1: Long Papers)},
  volume={1},
  pages={1555--1565},
  year={2014}
}
@inproceedings{repro_pennington_2014,
  title={Glove: Global vectors for word representation},
  author={Pennington, Jeffrey and Socher, Richard and Manning, Christopher},
  booktitle={Proceedings of the 2014 conference on empirical methods in natural language processing (EMNLP)},
  pages={1532--1543},
  year={2014}
}
@article{repro_mikolov_2013,
  title={Efficient estimation of word representations in vector space},
  author={Mikolov, Tomas and Chen, Kai and Corrado, Greg and Dean, Jeffrey},
  journal={arXiv preprint arXiv:1301.3781},
  year={2013}
}
@inproceedings{repro_mikolov_2013_dist,
  title={Distributed representations of words and phrases and their compositionality},
  author={Mikolov, Tomas and Sutskever, Ilya and Chen, Kai and Corrado, Greg S and Dean, Jeff},
  booktitle={Advances in neural information processing systems},
  pages={3111--3119},
  year={2013}
}
@article{repro_collobert_2011,
  title={Natural language processing (almost) from scratch},
  author={Collobert, Ronan and Weston, Jason and Bottou, L{\'e}on and Karlen, Michael and Kavukcuoglu, Koray and Kuksa, Pavel},
  journal={Journal of Machine Learning Research},
  volume={12},
  number={Aug},
  pages={2493--2537},
  year={2011}
}
#
# LSTM
#
@article{repro_hochreiter_1997,
  title={Long short-term memory},
  author={Hochreiter, Sepp and Schmidhuber, J{\"u}rgen},
  journal={Neural computation},
  volume={9},
  number={8},
  pages={1735--1780},
  year={1997},
  publisher={MIT Press}
}

#
# Pre-Processing
#
@inproceedings{repro_gimpel_2011,
  title={Part-of-speech tagging for twitter: Annotation, features, and experiments},
  author={Gimpel, Kevin and Schneider, Nathan and O'Connor, Brendan and Das, Dipanjan and Mills, Daniel and Eisenstein, Jacob and Heilman, Michael and Yogatama, Dani and Flanigan, Jeffrey and Smith, Noah A},
  booktitle={Proceedings of the 49th Annual Meeting of the Association for Computational Linguistics: Human Language Technologies: short papers-Volume 2},
  pages={42--47},
  year={2011},
  organization={Association for Computational Linguistics}
}
@InProceedings{repro_kong_2014,
  author = 	"Kong, Lingpeng
		and Schneider, Nathan
		and Swayamdipta, Swabha
		and Bhatia, Archna
		and Dyer, Chris
		and Smith, Noah A.",
  title = 	"A Dependency Parser for Tweets",
  booktitle = 	"Proceedings of the 2014 Conference on Empirical Methods in Natural      Language Processing (EMNLP)    ",
  year = 	"2014",
  publisher = 	"Association for Computational Linguistics",
  pages = 	"1001--1012",
  location = 	"Doha, Qatar",
  doi = 	"10.3115/v1/D14-1108",
  url = 	"http://aclweb.org/anthology/D14-1108"
}

#
# Justification
#
@InProceedings{repro_li_2018,
  author = 	"Li, Xin
		and Bing, Lidong
		and Lam, Wai
		and Shi, Bei",
  title = 	"Transformation Networks for Target-Oriented Sentiment Classification",
  booktitle = 	"Proceedings of the 56th Annual Meeting of the Association for Computational Linguistics (Volume 1: Long Papers)",
  year = 	"2018",
  publisher = 	"Association for Computational Linguistics",
  pages = 	"946--956",
  location = 	"Melbourne, Australia",
  url = 	"http://aclweb.org/anthology/P18-1087"
}
@InProceedings{repro_moore_2018,
  author = 	"Moore, Andrew
		and Rayson, Paul",
  title = 	"Bringing replication and reproduction together with generalisability in NLP: Three reproduction studies for Target Dependent Sentiment Analysis",
  booktitle = 	"Proceedings of the 27th International Conference on Computational Linguistics",
  year = 	"2018",
  publisher = 	"Association for Computational Linguistics",
  pages = 	"1132--1144",
  location = 	"Santa Fe, New Mexico, USA",
  url = 	"http://aclweb.org/anthology/C18-1097"
}
@article{repro_fan_2008,
  title={LIBLINEAR: A library for large linear classification},
  author={Fan, Rong-En and Chang, Kai-Wei and Hsieh, Cho-Jui and Wang, Xiang-Rui and Lin, Chih-Jen},
  journal={Journal of machine learning research},
  volume={9},
  number={Aug},
  pages={1871--1874},
  year={2008}
}
@InProceedings{repro_liu_2017,
  author = 	"Liu, Jiangming
		and Zhang, Yue",
  title = 	"Attention Modeling for Targeted Sentiment",
  booktitle = 	"Proceedings of the 15th Conference of the European Chapter of the Association for Computational Linguistics: Volume 2, Short Papers",
  year = 	"2017",
  publisher = 	"Association for Computational Linguistics",
  pages = 	"572--577",
  location = 	"Valencia, Spain",
  url = 	"http://aclweb.org/anthology/E17-2091"
}
@InProceedings{repro_marrese_2017,
  author = 	"Marrese-Taylor, Edison
		and Balazs, Jorge
		and Matsuo, Yutaka",
  title = 	"Mining fine-grained opinions on closed captions of YouTube videos with an      attention-RNN     ",
  booktitle = 	"Proceedings of the 8th Workshop on Computational Approaches to      Subjectivity, Sentiment and Social Media Analysis     ",
  year = 	"2017",
  publisher = 	"Association for Computational Linguistics",
  pages = 	"102--111",
  location = 	"Copenhagen, Denmark",
  doi = 	"10.18653/v1/W17-5213",
  url = 	"http://aclweb.org/anthology/W17-5213"
}
@article{repro_hsu_2003,
  title={A practical guide to support vector classification},
  author={Hsu, Chih-Wei and Chang, Chih-Chung and Lin, Chih-Jen and others},
  year={2016},
  url={https://www.csie.ntu.edu.tw/~cjlin/papers/guide/guide.pdf}
}
@InProceedings{repro_chen_2017,
  author = 	"Chen, Peng
		and Sun, Zhongqian
		and Bing, Lidong
		and Yang, Wei",
  title = 	"Recurrent Attention Network on Memory for Aspect Sentiment Analysis",
  booktitle = 	"Proceedings of the 2017 Conference on Empirical Methods in Natural      Language Processing    ",
  year = 	"2017",
  publisher = 	"Association for Computational Linguistics",
  pages = 	"452--461",
  location = 	"Copenhagen, Denmark",
  doi = 	"10.18653/v1/D17-1047",
  url = 	"http://aclweb.org/anthology/D17-1047"
}
@inproceedings{repro_zhang_2016,
  title={Gated Neural Networks for Targeted Sentiment Analysis.},
  author={Zhang, Meishan and Zhang, Yue and Vo, Duy-Tin},
  booktitle={AAAI},
  pages={3087--3093},
  year={2016}
}
@article{repro_tay_2018,
  title={Learning to Attend via Word-Aspect Associative Fusion for Aspect-based Sentiment Analysis},
  author={Tay, Yi and Luu, Anh Tuan and Hui, Siu Cheung},
  booktitle={AAAI},
  url={https://arxiv.org/pdf/1712.05403.pdf},
  year={2018}
}
@InProceedings{repro_zhang_2015,
  author = 	"Zhang, Meishan
		and Zhang, Yue
		and Vo, Duy Tin",
  title = 	"Neural Networks for Open Domain Targeted Sentiment",
  booktitle = 	"Proceedings of the 2015 Conference on Empirical Methods in Natural      Language Processing    ",
  year = 	"2015",
  publisher = 	"Association for Computational Linguistics",
  pages = 	"612--621",
  location = 	"Lisbon, Portugal",
  doi = 	"10.18653/v1/D15-1073",
  url = 	"http://aclweb.org/anthology/D15-1073"
}


#
# Metrics
#
@InProceedings{repro_he_2018,
  author = 	"He, Ruidan
		and Lee, Wee Sun
		and Ng, Hwee Tou
		and Dahlmeier, Daniel",
  title = 	"Exploiting Document Knowledge for Aspect-level Sentiment Classification",
  booktitle = 	"Proceedings of the 56th Annual Meeting of the Association for Computational Linguistics (Volume 2: Short Papers)",
  year = 	"2018",
  publisher = 	"Association for Computational Linguistics",
  pages = 	"579--585",
  location = 	"Melbourne, Australia",
  url = 	"http://aclweb.org/anthology/P18-2092"
}

#
# Sig testing
#
@InProceedings{repro_dror_2018,
  author = 	"Dror, Rotem
		and Baumer, Gili
		and Shlomov, Segev
		and Reichart, Roi",
  title = 	"The Hitchhiker's Guide to Testing Statistical Significance in Natural Language Processing",
  booktitle = 	"Proceedings of the 56th Annual Meeting of the Association for Computational Linguistics (Volume 1: Long Papers)",
  year = 	"2018",
  publisher = 	"Association for Computational Linguistics",
  pages = 	"1383--1392",
  location = 	"Melbourne, Australia",
  url = 	"http://aclweb.org/anthology/P18-1128"
}
@Article{repro_dror_2017,
  author = 	"Dror, Rotem
		and Baumer, Gili
		and Bogomolov, Marina
		and Reichart, Roi",
  title = 	"Replicability Analysis for Natural Language Processing: Testing Significance with Multiple Datasets",
  journal = 	"Transactions of the Association for Computational Linguistics",
  year = 	"2017",
  volume = 	"5",
  pages = 	"471--486",
  url = 	"http://aclweb.org/anthology/Q17-1033"
}
@InProceedings{repro_sogaard_2014,
  author = 	"S{\o}gaard, Anders
		and Johannsen, Anders
		and Plank, Barbara
		and Hovy, Dirk
		and Mart{\'i}nez Alonso, H{\'e}ctor",
  title = 	"What's in a p-value in NLP?",
  booktitle = 	"Proceedings of the Eighteenth Conference on Computational Natural Language      Learning    ",
  year = 	"2014",
  publisher = 	"Association for Computational Linguistics",
  pages = 	"1--10",
  location = 	"Ann Arbor, Michigan",
  doi = 	"10.3115/v1/W14-1601",
  url = 	"http://aclweb.org/anthology/W14-1601"
}
@InProceedings{repro_berg_2012,
  author = 	"Berg-Kirkpatrick, Taylor
		and Burkett, David
		and Klein, Dan",
  title = 	"An Empirical Investigation of Statistical Significance in NLP",
  booktitle = 	"Proceedings of the 2012 Joint Conference on Empirical Methods in Natural Language Processing and Computational Natural Language Learning",
  year = 	"2012",
  publisher = 	"Association for Computational Linguistics",
  pages = 	"995--1005",
  location = 	"Jeju Island, Korea",
  url = 	"http://aclweb.org/anthology/D12-1091"
}
@InProceedings{repro_koehn_2004,
  author = 	"Koehn, Philipp ",
  title = 	"Statistical Significance Tests for Machine Translation Evaluation",
  booktitle = 	"Proceedings of the 2004 Conference on Empirical Methods in Natural Language Processing ",
  year = 	"2004",
  url = 	"http://aclweb.org/anthology/W04-3250"
}
@article{repro_efron_1993,
  title={An introduction to the bootstrap},
  author={Efron, Bradley and Tibshirani, Robert J},
  year={1993},
  publisher={Chapman and Hall}
}
@article{repro_shaphiro_1965,
  title={An analysis of variance test for normality},
  author={Shaphiro, SS and Wilk, MB},
  journal={Biometrika},
  volume={52},
  number={3},
  pages={591--611},
  year={1965}
}
@article{repro_benjamini_2008,
  title={Screening for partial conjunction hypotheses},
  author={Benjamini, Yoav and Heller, Ruth},
  journal={Biometrics},
  volume={64},
  number={4},
  pages={1215--1222},
  year={2008},
  publisher={Wiley Online Library}
}
#
# Optimisers
#
@InProceedings{repro_yang_2018,
  author = 	"Yang, Jie
		and Liang, Shuailong
		and Zhang, Yue",
  title = 	"Design Challenges and Misconceptions in Neural Sequence Labeling",
  booktitle = 	"Proceedings of the 27th International Conference on Computational Linguistics",
  year = 	"2018",
  publisher = 	"Association for Computational Linguistics",
  pages = 	"3879--3889",
  location = 	"Santa Fe, New Mexico, USA",
  url = 	"http://aclweb.org/anthology/C18-1327"
}
@InProceedings{repro_reimers_2017,
  author = 	"Reimers, Nils
		and Gurevych, Iryna",
  title = 	"Reporting Score Distributions Makes a Difference: Performance Study of      LSTM-networks for Sequence Tagging    ",
  booktitle = 	"Proceedings of the 2017 Conference on Empirical Methods in Natural      Language Processing    ",
  year = 	"2017",
  publisher = 	"Association for Computational Linguistics",
  pages = 	"338--348",
  location = 	"Copenhagen, Denmark",
  doi = 	"10.18653/v1/D17-1035",
  url = 	"http://aclweb.org/anthology/D17-1035"
}

#
# Word vectors justification
#
@InProceedings{repro_wang_2018,
  author = 	"Wang, Shuai
		and Mazumder, Sahisnu
		and Liu, Bing
		and Zhou, Mianwei
		and Chang, Yi",
  title = 	"Target-Sensitive Memory Networks for Aspect Sentiment Classification",
  booktitle = 	"Proceedings of the 56th Annual Meeting of the Association for Computational Linguistics (Volume 1: Long Papers)",
  year = 	"2018",
  publisher = 	"Association for Computational Linguistics",
  pages = 	"957--967",
  location = 	"Melbourne, Australia",
  url = 	"http://aclweb.org/anthology/P18-1088"
}


#
# Libraries
#
@article{repro_scikit_2011,
 title={Scikit-learn: Machine Learning in {P}ython},
 author={Pedregosa, F. and Varoquaux, G. and Gramfort, A. and Michel, V.
         and Thirion, B. and Grisel, O. and Blondel, M. and Prettenhofer, P.
         and Weiss, R. and Dubourg, V. and Vanderplas, J. and Passos, A. and
         Cournapeau, D. and Brucher, M. and Perrot, M. and Duchesnay, E.},
 journal={Journal of Machine Learning Research},
 volume={12},
 pages={2825--2830},
 year={2011}
}

#
# Other
#
@article{repro_Dodge2019ShowYW,
  title={Show Your Work: Improved Reporting of Experimental Results},
  author={Jesse Dodge and Suchin Gururangan and Dallas Card and Roy Schwartz and Noah A. Smith},
  journal={ArXiv},
  year={2019},
  volume={abs/1909.03004},
  url={https://arxiv.org/pdf/1909.03004.pdf}
}